<?xml version="1.0" encoding="UTF-8"?><collection><record><leader>06977ntm a2200577 a 4500</leader><controlfield tag="001">006805271</controlfield><controlfield tag="003">MiAaHDL</controlfield><controlfield tag="005">20190719000000.0</controlfield><controlfield tag="006">m        d        </controlfield><controlfield tag="007">cr bn ---auaua</controlfield><controlfield tag="008">090530s1638    xx            00| ||ara d</controlfield><datafield tag="035" ind1=" " ind2=" "><subfield code="a">(MiU)006805271</subfield></datafield><datafield tag="035" ind1=" " ind2=" "><subfield code="a">sdr-miu006805271</subfield></datafield><datafield tag="040" ind1=" " ind2=" "><subfield code="a">MiU</subfield><subfield code="c">MiU</subfield><subfield code="e">amremm</subfield></datafield><datafield tag="043" ind1=" " ind2=" "><subfield code="a">n-us-mi</subfield></datafield><datafield tag="100" ind1="1" ind2=" "><subfield code="6">880-01</subfield><subfield code="a">Muḥaqqiq al-Ḥillī, Jaʻfar ibn al-Ḥasan,</subfield><subfield code="d">1205 or 1206-1277.</subfield></datafield><datafield tag="240" ind1="1" ind2="0"><subfield code="6">880-02</subfield><subfield code="a">Sharāʼiʻ al-Islām</subfield></datafield><datafield tag="245" ind1="1" ind2="0"><subfield code="6">880-03</subfield><subfield code="a">Kitāb Sharāʼiʻ al-Islām,</subfield><subfield code="f">[1048, i.e. 1638].</subfield></datafield><datafield tag="260" ind1=" " ind2=" "><subfield code="c">[1638].</subfield></datafield><datafield tag="300" ind1=" " ind2=" "><subfield code="a">352 leaves :</subfield><subfield code="b">paper ;</subfield><subfield code="c">250 x 195 (140 x 100) mm.</subfield></datafield><datafield tag="500" ind1=" " ind2=" "><subfield code="a">Shelfmark: Ann Arbor, University of Michigan, Special Collections Library, Isl. Ms. 585</subfield></datafield><datafield tag="500" ind1=" " ind2=" "><subfield code="a">Origin: As appears in colophon on p.727 (partially lost due to page repair), copied by ʻAlī Riz̤ā ibn Ḥājjī Mīrzā ʻAlī Hazārʹcharbī with transcription completed 15 Rabīʻ II 1048 [ca. 26 August 1638].</subfield></datafield><datafield tag="500" ind1=" " ind2=" "><subfield code="a">Accompanying materials: a. Acquisitions slip from Yahuda -- b. Inventory cataloguing slip in hand of Winifred Smeaton Thomas -- c. Numerous inserts carrying notes, verses, etc., text of many in Persian, several in shikastah-nastaʻlīq, a few tinted blue, some once folded (paginated, pp.173-174, 207-208, 235-236, 343-344, 345-346, 393-394, 565-566, 585-586, 681-682, 683-684, 685-686, and 731-732).</subfield></datafield><datafield tag="500" ind1=" " ind2=" "><subfield code="a">Former shelfmark: From spine label, interior of upper cover and front flyleaf (p.1), "IL 169a" (likely supplied by Yahuda, see acquisitions slip).</subfield></datafield><datafield tag="500" ind1=" " ind2=" "><subfield code="a">Binding: Pasteboards covered in black leather ; Type III binding (without flap) ; board linings in yellow-tinted laid paper ; now sewn in white thread, two stations ; worked chevron endbands in cream and light pink, good condition though with some damage to tailband ; overall in somewhat poor condition with much abrasion, lifting of spine leather, staining, etc.</subfield></datafield><datafield tag="500" ind1=" " ind2=" "><subfield code="a">Support: non-European (likely Persian or Indian) laid paper mainly with 6 laid lines per cm. (vertical, fairly distinct) and no chain lines visible [?], thin and transluscent though sturdy, quite well-burnished, cloudy formation, deep beige in color ; another much denser and thicker type, also lighter in color with roughly 7 laid lines per cm. also appears (see p.88, etc.) ; extensive pages repairs to opening and closing sections in a crisp brown wove paper marked with 'imitation watermark' or embossed mark, "BATH" (see pp.3-4, pp.15-16, pp.725-726).</subfield></datafield><datafield tag="500" ind1=" " ind2=" "><subfield code="a">Decoration: Keywords and section headings often rubricated (in some sections simply large and bolded in same black ink).</subfield></datafield><datafield tag="500" ind1=" " ind2=" "><subfield code="a">Script: Naskh ; fine Persianate hand, varying slightly in size and line thickness ; at opening, compact and mainly serifless with marked tilt to the left, many open counters, curvilinear descenders (some sweeping, i.e. final nūn, qāf, etc.), pointing in conjoined dots, some free assimilation of letters, kāf occasionally represented as vertical stroke with miniature kāf seated above ; from p.81 (where layout also changes from 18 to 14 lines per page), quite similar, initially partially seriffed, fairly vertical and generously spaced, while toward middle and close of the codex becoming increasingly compact, more frequently seriffed, with slight tilt to the left, subtle effect of words descending to baseline, and sweeping descenders.</subfield></datafield><datafield tag="500" ind1=" " ind2=" "><subfield code="a">Layout: Written in 18 and 14 lines per page ; frame-ruled.</subfield></datafield><datafield tag="500" ind1=" " ind2=" "><subfield code="a">Collation: i, IV (8), III+1 (15), 16 IV(143), III (149), 25 IV(349), I+1 (352), i ; chiefly quaternions ; pages between sections left blank (first juzʼ ends on p.306 and second juzʼ opens with Kitāb al-Nikāḥ on p.308) ; catchwords present ; pagination in pencil, Western numerals, supplied during digitization (includes flyleaves and some inserts).</subfield></datafield><datafield tag="500" ind1=" " ind2=" "><subfield code="a">Colophon: "Scribal," reads "والحمد لله وقع الفراغ من تسويد هذا الكتاب الشريف وقت الظهر يوم الخميس خامس عشر شهر ربيع الاخر المعظم [؟] في شهور سنة ثمان واربعين والف من هجرة النبوية لاضعف عباد الله واحوجهم الى رحمة الله الملك العالي على رضا ابن حاجى ميرزا على هزار چربى اللهم حرم يديه على النار واحشره مع الائمة الابرار"</subfield></datafield><datafield tag="500" ind1=" " ind2=" "><subfield code="a">Explicit: "ولو قيل يعقل عصبة [عصبته] المسلمون كان حسنا لان ميراثه له [لهم] على الاصح وحيث آتينا بما قصدناه ووفينا بما وعدناه فالحمد لله الذي جعلنا عند تبدد الاهواء وتعدد الاراء من المتمسكين بمذهب اعظم العلماء ... وان يجعلنا من خلصاء شيعتهم الداخلين في شفاعتهم انه ولي ذلك والقادر عليه"</subfield></datafield><datafield tag="500" ind1=" " ind2=" "><subfield code="a">Incipit: "اللهم ان احمدك حمدا يقل في انتشاره حمد كل حامد ويضمحل باشتهاده جحد كل جاحد ... اما بعد فان رعاية الايمان توجب قضاء حق الاخوان ... ومن الاصحاب من عرفت الايمان من شأنه ... سألني ان املي عليه مختصرا في الاحكام ... متضمن رؤوس مسائل الحلال والحرام ..."</subfield></datafield><datafield tag="500" ind1=" " ind2=" "><subfield code="a">Title from inscription on front flyleaf (p.1).</subfield></datafield><datafield tag="500" ind1=" " ind2=" "><subfield code="a">Ms. codex.</subfield></datafield><datafield tag="510" ind1="4" ind2=" "><subfield code="a">Ḥājjī Khalīfah. Kashf al-ẓunūn,</subfield><subfield code="c">iv 20,</subfield></datafield><datafield tag="510" ind1="4" ind2=" "><subfield code="a">Brockelmann, C. GAL,</subfield><subfield code="c">I 406</subfield></datafield><datafield tag="520" ind1="8" ind2=" "><subfield code="a">Fine copy of the authoritative work on Shīʻī law by al-Muḥaqqiq al-Ḥillī (Muḥaqqiq-i Ḥillī), Najm al-Dīn Jaʻfar ibn Ḥasan (d.1277).</subfield></datafield><datafield tag="538" ind1=" " ind2=" "><subfield code="a">Mode of access: Internet.</subfield></datafield><datafield tag="541" ind1=" " ind2=" "><subfield code="a">Acquired in 1926 from the bookseller Isaac Benjamin S.E. Yahuda via purchase transacted on his behalf by Abraham Shalom Yahuda (1877-1951), his younger brother.</subfield></datafield><datafield tag="546" ind1=" " ind2=" "><subfield code="a">Arabic.</subfield></datafield><datafield tag="561" ind1=" " ind2=" "><subfield code="a">Oval seal impression on 'title page' (p.5) and at close (p.727), only partially legible ; partial seal impression in lower outer corner of p.57 ; extensive marginal and interlinear glosses ; occasional corrections ; excerpts at opening of codex.</subfield></datafield><datafield tag="650" ind1=" " ind2="0"><subfield code="a">Manuscripts, Arabic</subfield><subfield code="z">Michigan</subfield><subfield code="z">Ann Arbor.</subfield></datafield><datafield tag="650" ind1=" " ind2="0"><subfield code="a">Shīʻah</subfield><subfield code="v">Early works to 1800.</subfield></datafield><datafield tag="650" ind1=" " ind2="0"><subfield code="a">Islamic law</subfield><subfield code="x">Interpretation and construction</subfield><subfield code="v">Early works to 1800.</subfield></datafield><datafield tag="700" ind1="0" ind2=" "><subfield code="6">880-05</subfield><subfield code="a">ʻAlī Riz̤ā ibn Ḥājjī Mīrzā ʻAlī Hazārʻcharbī,</subfield><subfield code="d">fl. 1638,</subfield><subfield code="e">scribe.</subfield></datafield><datafield tag="773" ind1="0" ind2=" "><subfield code="a">Yahuda Collection.</subfield></datafield><datafield tag="880" ind1="0" ind2=" "><subfield code="6">700-05/</subfield><subfield code="a">على رضا ابن حاجى ميرزا على هزار چربى،</subfield><subfield code="e">ناسخ.</subfield></datafield><datafield tag="880" ind1="1" ind2="0"><subfield code="6">245-03/</subfield><subfield code="a">كتاب شرائع الاسلام،</subfield><subfield code="f">[1048ه، 1638م].</subfield></datafield><datafield tag="880" ind1="1" ind2="0"><subfield code="6">240-02/</subfield><subfield code="a">شرائع الاسلام</subfield></datafield><datafield tag="880" ind1="1" ind2=" "><subfield code="6">100-01/</subfield><subfield code="a">محقق الحلي، جعفر بن الحسن.</subfield></datafield><datafield tag="CID" ind1=" " ind2=" "><subfield code="a">006805271</subfield></datafield><datafield tag="DAT" ind1="0" ind2=" "><subfield code="a">20190719102637.0</subfield><subfield code="b">20190719000000.0</subfield></datafield><datafield tag="DAT" ind1="1" ind2=" "><subfield code="a">20190719090653.0</subfield><subfield code="b">2019-07-19T16:11:39Z</subfield></datafield><datafield tag="DAT" ind1="2" ind2=" "><subfield code="a">2015-10-10T18:00:06Z</subfield></datafield><datafield tag="CAT" ind1=" " ind2=" "><subfield code="a">SDR-MIU</subfield><subfield code="d">EX LIBRIS - ALEPH</subfield><subfield code="l">prepare.pl-004-008</subfield></datafield><datafield tag="FMT" ind1=" " ind2=" "><subfield code="a">BK</subfield></datafield><datafield tag="HOL" ind1=" " ind2=" "><subfield code="0">sdr-miu006805271</subfield><subfield code="a">MiU</subfield><subfield code="b">SDR</subfield><subfield code="c">MIU</subfield><subfield code="p">mdp.39015079127125</subfield><subfield code="s">MIU</subfield><subfield code="1">006805271</subfield></datafield><datafield tag="974" ind1=" " ind2=" "><subfield code="b">MIU</subfield><subfield code="c">MIU</subfield><subfield code="d">20190719</subfield><subfield code="s">lit-dlps-dc</subfield><subfield code="u">mdp.39015079127125</subfield><subfield code="y">1638</subfield><subfield code="r">pd</subfield><subfield code="q">bib</subfield><subfield code="t">non-US bib date1 &lt; 1896</subfield></datafield></record></collection>